@article{monparsing,
 author = {Hutton, Graham and Meijer, Erik},
 title = {Monadic Parser Combinators},
 year = {1996},
}
